@article{byrne2013geodesic,
	author = {Byrne, Simon and Girolami, Mark},
	journal = {Scandinavian Journal of Statistics},
	number = {4},
	pages = {825--845},
	title = {{Geodesic Monte Carlo on embedded manifolds}},
	volume = {40},
	year = {2013}
}

@inproceedings{welling2011bayesian,
  title={Bayesian learning via stochastic gradient Langevin dynamics},
  author={Welling, Max and Teh, Yee W},
  booktitle={Proceedings of the 28th International Conference on Machine Learning (ICML-11)},
  pages={681--688},
  year={2011}
}

@article{neal2011mcmc,
  title={MCMC using Hamiltonian dynamics},
  author={Neal, Radford M},
  journal={Handbook of Markov Chain Monte Carlo},
  volume={2},
  year={2011}
}

@article{edelman1998geometry,
	author = {Edelman, Alan and Arias, Tom\'{a}s A and Smith, Steven T},
	journal = {SIAM journal on Matrix Analysis and Applications},
	number = {2},
	pages = {303--353},
	publisher = {SIAM},
	title = {{The geometry of algorithms with orthogonality constraints}},
	volume = {20},
	year = {1998}
}

@inproceedings{ding2014bayesian,
  title={Bayesian sampling using stochastic gradient thermostats},
  author={Ding, Nan and Fang, Youhan and Babbush, Ryan and Chen, Changyou and Skeel, Robert D and Neven, Hartmut},
  booktitle={Advances in Neural Information Processing Systems},
  pages={3203--3211},
  year={2014}
}

